@book{Ref1,
  author    = {Leslie Lamport},
  title     = {{\LaTeX}: a Document Preparation System},
  publisher = {Addison-Wesley},
  address   = {Reading, MA, USA},
  edition   = {2},
  year      = {1994},
}

@article{Ref2,
  author    = {非常好计算机科学与技术，爱来自安农大},
  title     = {安徽农业大学信息与计算科学学院},
  journal   = {ACM Transactions on Computer Systems},
  publisher = {XigeIsTenshi},
  address   = {No.130, West Changjiang Rd., Hefei, Anhui.},
  year      = {2024},
}

@article{Ref3,
  author    = {这个入开桂了},
  title     = {安徽农业大学：理学院与计算机科学与技术学院},
  journal   = {IEEE/ACM Transactions on Networking},
  address   = {School of Information and Artificial Intelligence, Anhui Agriculture University.},
  year      = {2024},
}

@article{Ref4,
  author    = {安徽农业大学信息与人工智能学院荣誉出品：D},
  title     = {666开没开桂自己心里清楚},
  journal   = {安徽农业幼儿园学报},
  year      = {2024},
}